75600000         000000000000000000000000000000000500000000000000000000 CONSORCIO OPERACIONAL DO SERVIBANCOOB                                 000000000000000000000000000                                                                     
75600011C0000000                000000000000000000500000000000000000000                                                                                                                                                                         
7560001300001A0     00000000 0000000000000                                                   02082024   0000000000000000000000000000000                                                                                                          
7560001300002B   000000000000000                                                                                               02082024                                                                                                                                                                                                                                                                                                                 
75600015         000001000000000000000000                                                                                                                                                                                                       
75699999         000001000003000001                                                                                                                                                                                                             
